<?xml version="1.0" encoding="utf-8"?>
<record xmlns="http://www.loc.gov/MARC21/slim" xmlns:xsi="http://www.w3.org/2001/XMLSchema-instance" xsi:schemaLocation="http://www.loc.gov/MARC21/slim http://www.loc.gov/standards/marcxml/schema/MARC21slim.xsd">
	<leader>     nam a22     Mi 4500</leader>
	<controlfield tag="001">b12519777</controlfield>
	<controlfield tag="003">LeBAU</controlfield>
	<controlfield tag="006">m        d        </controlfield>
	<controlfield tag="007">cr cn |||m|||a</controlfield>
	<controlfield tag="008">190821s1937    ua      o     ||0 0 ara d</controlfield>
	<datafield ind1=" " ind2=" " tag="040">
		<subfield code="a">ZYU</subfield>
		<subfield code="b">ara</subfield>
		<subfield code="e">rda</subfield>
		<subfield code="c">ZYU</subfield>
	</datafield>
	<datafield ind1="0" ind2="4" tag="082">
		<subfield code="a">808</subfield>
		<subfield code="2">22</subfield>
	</datafield>
	<datafield ind1="1" ind2=" " tag="100">
		<subfield code="6">880-01</subfield>
		<subfield code="a">Taftāzānī, Masʻūd ibn ʻUmar,</subfield>
		<subfield code="d">1322-1389,</subfield>
		<subfield code="e">author.</subfield>
	</datafield>
	<datafield ind1="1" ind2="0" tag="245">
		<subfield code="6">880-02</subfield>
		<subfield code="a">Shurūḥ al-Talkhīṣ :</subfield>
		<subfield code="b">wa-hiya mukhtaṣar al-ʻAllāmah Saʻd al-Dīn al-Taftāzānī ʻalá talkhīṣ al-Miftāḥ lil-Khaṭīb al-Qazwīni, wa-Mawāhib al-Fattāḥ fī Sharḥ Talkhīs al-Miftāh li-Ibn Yaʻqūb al-Maghribī, wa-ʻArūs al-Afrāḥ fī Sharḥ Talkhīs al-Miftāh li-Bahāʼ al-Dīn al-Subkī. Wa-qad wuḍiʻa bi-al-hāmish Kitāb al-Īḍāḥ li-mu’allif al-talkhīs jaʻalahu ka-al-sharḥ la-hu. Wa-ḥāshiyat al-Dasūqī ʻalá sharḥ al-Saʻd.</subfield>
	</datafield>
	<datafield ind1="3" ind2="0" tag="246">
		<subfield code="6">880-03</subfield>
		<subfield code="a">Kitāb al-Īḍāḥ</subfield>
	</datafield>
	<datafield ind1=" " ind2="1" tag="264">
		<subfield code="6">880-04</subfield>
		<subfield code="a">Miṣr :</subfield>
		<subfield code="b">Maṭbaʻat ʻĪsá al-Bābī al-Ḥalabī wa-Shurakāh,</subfield>
		<subfield code="c">1937.</subfield>
	</datafield>
	<datafield ind1=" " ind2=" " tag="300">
		<subfield code="6">880-05</subfield>
		<subfield code="a">online resource (4 volumes)</subfield>
	</datafield>
	<datafield ind1=" " ind2=" " tag="336">
		<subfield code="a">text</subfield>
		<subfield code="2">rdacontent</subfield>
	</datafield>
	<datafield ind1=" " ind2=" " tag="337">
		<subfield code="a">computer</subfield>
		<subfield code="2">rdamedia</subfield>
	</datafield>
	<datafield ind1=" " ind2=" " tag="338">
		<subfield code="a">online resource</subfield>
		<subfield code="2">rdacarrier</subfield>
	</datafield>
	<datafield ind1=" " ind2=" " tag="500">
		<subfield code="a">&quot;تنبيه: قد بدأنا في صلب الصفحة بشرح السعد وثنينا بمواهب الفتاح وثلثنا بعروس الأفراح وصدرنا الهامش بالإيضاح وبعده حاشية الدسوقي.&quot;</subfield>
	</datafield>
	<datafield ind1=" " ind2=" " tag="500">
		<subfield code="a">&quot;ملاحظة: لما كانت هذه الشروح من أجل الشروح على تلخيص المفتاح صرف النفس والنفيس حتى جمعت من أقاصي البلدان وطبعت مرتبة ترتيباً بديعاً لم يسبق له نظير حيث جمعت كلها في صفحة واحدة مفصولاً بعضها عن بعض بجداول مع إتفاق أبحاثها.&quot;</subfield>
	</datafield>
	<datafield ind1=" " ind2=" " tag="500">
		<subfield code="a">Part of the Arabic Collections Online (ACO) project, contributed by American University of Beirut's Jafet Memorial Library.</subfield>
	</datafield>
	<datafield ind1=" " ind2=" " tag="533">
		<subfield code="a">Electronic reproduction.</subfield>
		<subfield code="b">New York, N.Y. :</subfield>
		<subfield code="c">New York University,</subfield>
		<subfield code="d">2019.</subfield>
		<subfield code="5">NNU</subfield>
	</datafield>
	<datafield ind1=" " ind2="4" tag="650">
		<subfield code="a">اللغة العربية</subfield>
		<subfield code="x">البلاغة</subfield>
		<subfield code="v">أعمال قديمة حتى 1800.</subfield>
	</datafield>
	<datafield ind1=" " ind2="0" tag="650">
		<subfield code="a">Arabic language</subfield>
		<subfield code="x">Rhetoric</subfield>
		<subfield code="v">Early works to 1800.</subfield>
	</datafield>
	<datafield ind1="1" ind2="2" tag="700">
		<subfield code="6">880-06</subfield>
		<subfield code="a">Qazwīnī, Jalāl al-Dīn Muḥammad ibn ʻAbd al-Raḥmān,</subfield>
		<subfield code="d">1267 or 1268-1338.</subfield>
		<subfield code="t">Īḍāḥ.</subfield>
	</datafield>
	<datafield ind1="1" ind2="2" tag="700">
		<subfield code="6">880-07</subfield>
		<subfield code="a">Qazwīnī, Jalāl al-Dīn Muḥammad ibn ʻAbd al-Raḥmān,</subfield>
		<subfield code="d">1267 or 1268-1338.</subfield>
		<subfield code="t">Talkhīs al-Miftāh.</subfield>
	</datafield>
	<datafield ind1="0" ind2="2" tag="700">
		<subfield code="6">880-08</subfield>
		<subfield code="a">Ibn Yaʻqūb al-Maghribī,</subfield>
		<subfield code="d">-1716.</subfield>
		<subfield code="t">Mawāhib al-Fattāḥ fī Sharḥ Talkhīs al-Miftāh.</subfield>
	</datafield>
	<datafield ind1="0" ind2="2" tag="700">
		<subfield code="6">880-09</subfield>
		<subfield code="a">Bahāʼ al-Dīn al-Subkī,</subfield>
		<subfield code="d">1319-</subfield>
		<subfield code="t">ʻArūs al-Afrāḥ fī Sharḥ Talkhīs al-Miftāh.</subfield>
	</datafield>
	<datafield ind1="1" ind2="2" tag="700">
		<subfield code="6">880-10</subfield>
		<subfield code="a">Dasūqī, Muḥammad ibn Aḥmad ibn ʻArafah,</subfield>
		<subfield code="d">-1815.</subfield>
		<subfield code="t">Ḥāshīyah.</subfield>
	</datafield>
	<datafield ind1="2" ind2=" " tag="710">
		<subfield code="a">Jafet Memorial Library.</subfield>
	</datafield>
	<datafield ind1="0" ind2=" " tag="730">
		<subfield code="a">Arabic Collections Online.</subfield>
	</datafield>
	<datafield ind1="0" ind2="8" tag="776">
		<subfield code="i">Print version:</subfield>
		<subfield code="a">Taftāzānī, Masʻūd ibn ʻUmar, 1322-1389, author.</subfield>
		<subfield code="t">Shurūḥ al-Talkhīṣ</subfield>
		<subfield code="w">(LeBAU)b12519777</subfield>
	</datafield>
	<datafield ind1="4" ind2="0" tag="856">
		<subfield code="u">http://hdl.handle.net/2333.1/sn02vgn5</subfield>
	</datafield>
	<datafield ind1="1" ind2=" " tag="880">
		<subfield code="6">100-01</subfield>
		<subfield code="a">التفتازاني، مسعود بن عمر،</subfield>
		<subfield code="d">1322-1389،</subfield>
		<subfield code="e">مؤلف. </subfield>
		<subfield code="4">aut.</subfield>
	</datafield>
	<datafield ind1="1" ind2="0" tag="880">
		<subfield code="6">245-02</subfield>
		<subfield code="a">شروح التلخيص :</subfield>
		<subfield code="b">وهي مختصر العلامة سعد الدين التفتازاني على تلخيص المفتاح للخطيب القزويني، ومواهب الفتاح في شرح تلخيص المفتاح لإبن يعقوب المغربي، وعروس الأفراح في شرح تلخيص المفتاح لبهاء الدين السبكي. وقد وضع بالهامش كتاب الإيضاح / لمؤلف التلخيص جعله كالشرح له. وحاشية الدسوقي على شرح السعد.</subfield>
	</datafield>
	<datafield ind1="3" ind2="0" tag="880">
		<subfield code="6">246-03</subfield>
		<subfield code="a">كتاب الإيضاح</subfield>
	</datafield>
	<datafield ind1=" " ind2="1" tag="880">
		<subfield code="6">264-04</subfield>
		<subfield code="a">مصر :</subfield>
		<subfield code="b">مطبعة عيسى البابي الحلبي وشركاه،</subfield>
		<subfield code="c">1937.</subfield>
	</datafield>
	<datafield ind1=" " ind2=" " tag="880">
		<subfield code="6">300-05</subfield>
		<subfield code="a">4 أجزاء ؛</subfield>
		<subfield code="c">28 سم</subfield>
	</datafield>
	<datafield ind1="1" ind2="2" tag="880">
		<subfield code="6">700-06</subfield>
		<subfield code="a">القزويني، جلال الدين محمد بن عبد الرحمن،</subfield>
		<subfield code="d">1267 او 1268-1338.</subfield>
		<subfield code="t">الإيضاح.</subfield>
	</datafield>
	<datafield ind1="1" ind2="2" tag="880">
		<subfield code="6">700-07</subfield>
		<subfield code="a">القزويني، جلال الدين محمد بن عبد الرحمن،</subfield>
		<subfield code="d">1267 او 1268-1338.</subfield>
		<subfield code="t">تلخيص المفتاح.</subfield>
	</datafield>
	<datafield ind1="0" ind2="2" tag="880">
		<subfield code="6">700-08</subfield>
		<subfield code="a">ابن يعقوب المغربي،</subfield>
		<subfield code="d">-1716.</subfield>
		<subfield code="t">مواهب الفتاح في شرح تلخيص المفتاح.</subfield>
	</datafield>
	<datafield ind1="0" ind2="2" tag="880">
		<subfield code="6">700-09</subfield>
		<subfield code="a">بهاء الدين السبكي،</subfield>
		<subfield code="d">1319-</subfield>
		<subfield code="t">عروس الأفراح في شرح تلخيص المفتاح.</subfield>
	</datafield>
	<datafield ind1="1" ind2="2" tag="880">
		<subfield code="6">700-10</subfield>
		<subfield code="a">الدسوقي، محمد بن احمد بن عرفة،</subfield>
		<subfield code="d">-1815.</subfield>
		<subfield code="t">حاشية.</subfield>
	</datafield>
	<datafield ind1=" " ind2=" " tag="959">
		<subfield code="a">NNU</subfield>
		<subfield code="b">WEB</subfield>
		<subfield code="c">GENI</subfield>
		<subfield code="t">0</subfield>
		<subfield code="m">Electronic access</subfield>
		<subfield code="s">01</subfield>
	</datafield>
	<datafield ind1=" " ind2=" " tag="999">
		<subfield code="i">LeBAU_b12519777</subfield>
		<subfield code="s">aub_aco003091:v.1</subfield>
		<subfield code="s">aub_aco003092:v.2</subfield>
		<subfield code="s">aub_aco003093:v.3</subfield>
		<subfield code="s">aub_aco003094:v.4</subfield>
		<subfield code="e">(ERROR-MISC)</subfield>
	</datafield>
</record>
